<collection xmlns="http://www.loc.gov/MARC21/slim"><record><leader>00962nam  2200289   450</leader><controlfield tag="001">743</controlfield><controlfield tag="003">http://montalegre.opacnet.com/OPAC/default.aspx?ContentAreaControl=ShowRegHoldings.ascx&amp;RegNo=16662</controlfield><datafield tag="010" ind1=" " ind2=" "><subfield code="a">972-20-0006-3</subfield></datafield><datafield tag="021" ind1=" " ind2=" "><subfield code="a">PT</subfield><subfield code="b">63638/93</subfield></datafield><datafield tag="095" ind1=" " ind2=" "><subfield code="a">PTBN00440226</subfield></datafield><datafield tag="100" ind1=" " ind2=" "><subfield code="a">19930324d1993    m  y0pory0103    ba</subfield></datafield><datafield tag="101" ind1="1" ind2=" "><subfield code="a">por</subfield><subfield code="b">fre</subfield><subfield code="c">che</subfield></datafield><datafield tag="102" ind1=" " ind2=" "><subfield code="a">PT</subfield></datafield><datafield tag="105" ind1=" " ind2=" "><subfield code="a">y   z   001ay</subfield></datafield><datafield tag="106" ind1=" " ind2=" "><subfield code="a">r</subfield></datafield><datafield tag="200" ind1="1" ind2=" "><subfield code="a">&lt;O &gt;livro do riso e do esquecimento</subfield><subfield code="f">Milan Kundera</subfield><subfield code="g">trad. Tereza Coelho</subfield><subfield code="g">rev. Fernanda Frazão</subfield></datafield><datafield tag="205" ind1=" " ind2=" "><subfield code="a">6ª ed</subfield></datafield><datafield tag="210" ind1=" " ind2=" "><subfield code="a">Lisboa</subfield><subfield code="c">Dom Quixote</subfield><subfield code="d">1993</subfield></datafield><datafield tag="215" ind1=" " ind2=" "><subfield code="a">213 p.</subfield><subfield code="d">24 cm</subfield></datafield><datafield tag="225" ind1="2" ind2=" "><subfield code="a">Ficção universal</subfield><subfield code="v">7</subfield></datafield><datafield tag="304" ind1=" " ind2=" "><subfield code="a">Tít. orig.: Kniha Smichu A Zapomnení</subfield></datafield><datafield tag="675" ind1=" " ind2=" "><subfield code="a">885-31"19"</subfield><subfield code="v">BN</subfield><subfield code="z">por</subfield><subfield code="3">408620</subfield></datafield><datafield tag="700" ind1=" " ind2="1"><subfield code="a">Kundera</subfield><subfield code="b">Milan</subfield><subfield code="f">1929-</subfield><subfield code="3">27242</subfield></datafield><datafield tag="702" ind1=" " ind2="1"><subfield code="a">Coelho</subfield><subfield code="b">Teresa</subfield><subfield code="f">1960-</subfield><subfield code="4">730</subfield><subfield code="3">50448</subfield></datafield><datafield tag="702" ind1=" " ind2="1"><subfield code="a">Frazão</subfield><subfield code="b">M. Fernanda</subfield><subfield code="4">640</subfield><subfield code="3">81014</subfield></datafield><datafield tag="801" ind1=" " ind2="0"><subfield code="a">PT</subfield><subfield code="b">Biblioteca Municipal de Montalegre</subfield><subfield code="g">RPC</subfield></datafield><datafield tag="856" ind1=" " ind2=" "><subfield code="u">locateMedia.asp?cod=20060619162134&amp;ext=jpg</subfield><subfield code="z">CAPA</subfield></datafield><datafield tag="909" ind1="&#9;" ind2=" "><subfield code="a">1</subfield></datafield><datafield tag="966" ind1=" " ind2=" "><subfield code="a">0008703</subfield><subfield code="l">BMM</subfield><subfield code="s">SCG 821 KUN liv 7</subfield></datafield></record></collection>